<record><leader>00000cas a2200000 a 4500</leader><controlfield tag="001">12200967</controlfield><controlfield tag="008">850626d18101811ohuwr ne      0    0eng c</controlfield><datafield ind1=" " ind2=" " tag="010"><subfield code="a">sn 85026389 </subfield></datafield><datafield ind1=" " ind2=" " tag="040"><subfield code="a">NPX</subfield><subfield code="b">eng</subfield><subfield code="c">NPX</subfield><subfield code="d">NYS</subfield><subfield code="d">BUF</subfield><subfield code="d">OCLCQ</subfield><subfield code="d">OCLCO</subfield><subfield code="d">OCLCF</subfield><subfield code="d">DLC</subfield></datafield><datafield ind1=" " ind2=" " tag="042"><subfield code="a">pcc</subfield></datafield><datafield ind1=" " ind2=" " tag="043"><subfield code="a">n-us-oh</subfield></datafield><datafield ind1="0" ind2="0" tag="050"><subfield code="a">Newspaper</subfield></datafield><datafield ind1="1" ind2="4" tag="050"><subfield code="a">AN271</subfield><subfield code="b">.P65</subfield></datafield><datafield ind1="0" ind2="0" tag="245"><subfield code="a">Political observatory, and Fairfield register.</subfield></datafield><datafield ind1="3" ind2=" " tag="246"><subfield code="a">Fairfield register</subfield></datafield><datafield ind1=" " ind2=" " tag="260"><subfield code="a">Lancaster, Ohio :</subfield><subfield code="b">Printed and published by George Sanderson for Peter Parcels &amp; Co.,</subfield><subfield code="c">1810-1811.</subfield></datafield><datafield ind1=" " ind2=" " tag="300"><subfield code="a">volumes</subfield></datafield><datafield ind1=" " ind2=" " tag="310"><subfield code="a">Weekly</subfield></datafield><datafield ind1=" " ind2=" " tag="336"><subfield code="a">text</subfield><subfield code="b">txt</subfield><subfield code="2">rdacontent</subfield></datafield><datafield ind1=" " ind2=" " tag="337"><subfield code="a">unmediated</subfield><subfield code="b">n</subfield><subfield code="2">rdamedia</subfield></datafield><datafield ind1=" " ind2=" " tag="338"><subfield code="a">volume</subfield><subfield code="b">nc</subfield><subfield code="2">rdacarrier</subfield></datafield><datafield ind1="1" ind2=" " tag="362"><subfield code="a">Began with July 28, 1810 issue? Ceased in 1811.</subfield><subfield code="z">Cf. Brigham, C.S. Amer. newspapers.</subfield></datafield><datafield ind1=" " ind2=" " tag="500"><subfield code="a">References: Shaw &amp; Shoemaker 21106; Brigham, C.S. Amer. newspapers, p. 806.</subfield></datafield><datafield ind1=" " ind2=" " tag="530"><subfield code="a">Available on microfilm from Readex Microprint Corp. as part of the Early American newspapers series.</subfield></datafield><datafield ind1=" " ind2=" " tag="588"><subfield code="a">Description based on: Vol. 1, no. 7 (Sept. 8, 1810).</subfield></datafield><datafield ind1=" " ind2="0" tag="651"><subfield code="a">Lancaster (Ohio)</subfield><subfield code="v">Newspapers.</subfield></datafield><datafield ind1=" " ind2="0" tag="651"><subfield code="a">Fairfield County (Ohio)</subfield><subfield code="v">Newspapers.</subfield></datafield><datafield ind1=" " ind2="7" tag="651"><subfield code="a">Ohio</subfield><subfield code="z">Fairfield County.</subfield><subfield code="2">fast</subfield><subfield code="0">(OCoLC)fst01213321</subfield></datafield><datafield ind1=" " ind2="7" tag="651"><subfield code="a">Ohio</subfield><subfield code="z">Lancaster.</subfield><subfield code="2">fast</subfield><subfield code="0">(OCoLC)fst01231794</subfield></datafield><datafield ind1=" " ind2="7" tag="655"><subfield code="a">Newspapers.</subfield><subfield code="2">fast</subfield><subfield code="0">(OCoLC)fst01423814</subfield></datafield><datafield ind1="1" ind2=" " tag="700"><subfield code="a">Sanderson, George,</subfield><subfield code="d">-1871.</subfield></datafield><datafield ind1="1" ind2=" " tag="700"><subfield code="a">Parcels, Peter.</subfield></datafield><datafield ind1=" " ind2=" " tag="752"><subfield code="a">United States</subfield><subfield code="b">Ohio</subfield><subfield code="c">Fairfield</subfield><subfield code="d">Lancaster.</subfield></datafield><datafield ind1="0" ind2=" " tag="776"><subfield code="c">Microfilm</subfield><subfield code="w">(OCoLC)40557454</subfield></datafield><datafield ind1="0" ind2="0" tag="785"><subfield code="t">Independent press (Lancaster, Ohio)</subfield><subfield code="w">(DLC)sn 85026393</subfield><subfield code="w">(OCoLC)12200627</subfield></datafield><datafield ind1="1" ind2=" " tag="029"><subfield code="a">AU@</subfield><subfield code="b">000020378022</subfield></datafield></record>